<?xml version="1.0" encoding="UTF-8"?><collection xmlns="http://www.loc.gov/MARC21/slim"><record><leader>00435nam--2200169-i-4500</leader><controlfield tag="001">000006646</controlfield><controlfield tag="002">20161230</controlfield><controlfield tag="005">20170105141620</controlfield><controlfield tag="008">060222s1000------------r-----000-0-eng-d</controlfield><datafield ind1=" " ind2=" " tag="100"><subfield code="a">Aarkrog, A</subfield></datafield><datafield ind1=" " ind2=" " tag="245"><subfield code="a">Environmental Radioactivity In Greenland In 1962</subfield></datafield><datafield ind1=" " ind2=" " tag="260"><subfield code="a">Riso</subfield><subfield code="b">Danish Atomic Energy Commission</subfield><subfield code="c">1963</subfield></datafield><datafield ind1=" " ind2=" " tag="300"><subfield code="a">28 p</subfield></datafield><datafield ind1=" " ind2=" " tag="490"><subfield code="a">Riso Report</subfield></datafield><datafield ind1=" " ind2=" " tag="653"><subfield code="a">65</subfield></datafield><datafield ind1=" " ind2=" " tag="700"><subfield code="a">Petersen, J</subfield></datafield><datafield ind1=" " ind2=" " tag="CAT"><subfield code="a">SYS</subfield><subfield code="c">20170105</subfield><subfield code="h">141620</subfield></datafield></record></collection>